@misc{gunileo:dataset,
  author = {University of Sheffield},
  title = {The Audio-Visual Lombard Grid Speech corpus},
  note = {Last accessed 23 June 2024. Available \href{https://spandh.dcs.shef.ac.uk/avlombard/}{here}}
}

@Article{gunileo:dlib,
  author = {Davis E. King},
  title = {Dlib-ml: A Machine Learning Toolkit},
  journal = {Journal of Machine Learning Research},
  year = {2009},
  volume = {10},
  pages = {1755-1758},
}

@INPROCEEDINGS{gunileo:stcnn,
  author={He, Zhixiang and Chow, Chi-Yin and Zhang, Jia-Dong},
  booktitle={2019 20th IEEE International Conference on Mobile Data Management (MDM)}, 
  title={STCNN: A Spatio-Temporal Convolutional Neural Network for Long-Term Traffic Prediction}, 
  year={2019},
  volume={},
  number={},
  pages={226-233},
  keywords={Predictive models;Data models;Correlation;Convolutional neural networks;Transportation;Deep learning;Spatio-temporal dependencies, periodic traffic patterns, convolutional neural network, long term traffic predictions},
  doi={10.1109/MDM.2019.00-53}
}